<record><leader>00000cas a22000007a 4500</leader><controlfield tag="001">21894837</controlfield><controlfield tag="008">900621d19521965mouwr ne      0    0eng d</controlfield><datafield ind1=" " ind2=" " tag="010"><subfield code="a">sn 90061964 </subfield></datafield><datafield ind1=" " ind2=" " tag="040"><subfield code="a">MQN</subfield><subfield code="b">eng</subfield><subfield code="c">MQN</subfield><subfield code="d">OCLCQ</subfield></datafield><datafield ind1=" " ind2=" " tag="042"><subfield code="a">msc</subfield></datafield><datafield ind1="0" ind2=" " tag="130"><subfield code="a">News-dispatch (North Kansas City, Mo.)</subfield></datafield><datafield ind1="1" ind2="4" tag="245"><subfield code="a">The news-dispatch.</subfield></datafield><datafield ind1=" " ind2=" " tag="260"><subfield code="a">North Kansas City, Mo. :</subfield><subfield code="b">Clay County Pub. Co.,</subfield><subfield code="c">1952-1965.</subfield></datafield><datafield ind1=" " ind2=" " tag="300"><subfield code="a">v.</subfield></datafield><datafield ind1=" " ind2=" " tag="310"><subfield code="a">Weekly</subfield></datafield><datafield ind1="0" ind2=" " tag="362"><subfield code="a">Vol. 1, no. 1 (Jan. 21, 1952)-</subfield></datafield><datafield ind1="1" ind2=" " tag="362"><subfield code="a">Ceased in 1965.</subfield></datafield><datafield ind1=" " ind2="4" tag="651"><subfield code="a">North Kansas City (Mo.)</subfield><subfield code="v">Newspapers.</subfield></datafield><datafield ind1=" " ind2=" " tag="752"><subfield code="a">United States</subfield><subfield code="b">Missouri</subfield><subfield code="c">Clay</subfield><subfield code="d">North Kansas City.</subfield></datafield><datafield ind1="0" ind2="0" tag="780"><subfield code="t">North Kansas City news</subfield><subfield code="w">(DLC)sn 86063601</subfield></datafield><datafield ind1="0" ind2="4" tag="785"><subfield code="t">Press-dispatch (North Kansas City, Mo.)</subfield><subfield code="w">(DLC)sn 90061962</subfield></datafield><datafield ind1="1" ind2=" " tag="029"><subfield code="a">AU@</subfield><subfield code="b">000025857445</subfield></datafield></record>